<?xml version="1.0" encoding="UTF-8"?><record xmlns="http://www.loc.gov/MARC21/slim" xmlns:cinclude="http://apache.org/cocoon/include/1.0" xmlns:zs="http://www.loc.gov/zing/srw/">
  <leader>00897nz  a2200157n  4500</leader>
  <controlfield tag="001">no2010024976</controlfield>
  <controlfield tag="003">DLC</controlfield>
  <controlfield tag="005">20100214075327.0</controlfield>
  <controlfield tag="008">100212n| acannaabn          |a ana     c</controlfield>
  <datafield tag="010" ind1=" " ind2=" ">
    <subfield code="a">no2010024976</subfield>
  </datafield>
  <datafield tag="035" ind1=" " ind2=" ">
    <subfield code="a">(OCoLC)oca08393461</subfield>
  </datafield>
  <datafield tag="040" ind1=" " ind2=" ">
    <subfield code="a">ViBlbV</subfield>
    <subfield code="b">eng</subfield>
    <subfield code="c">ViBlbV</subfield>
  </datafield>
  <datafield tag="110" ind1="2" ind2=" ">
    <subfield code="a">Virginia Anthracite Coal and Railway Company</subfield>
  </datafield>
  <datafield tag="410" ind1="2" ind2=" ">
    <subfield code="a">Huckleberry Line (Railroad)</subfield>
  </datafield>
  <datafield tag="670" ind1=" " ind2=" ">
    <subfield code="a">Deed, 1912:</subfield>
    <subfield code="b">cover (Virginia Anthracite Coal and Railway Company)</subfield>
  </datafield>
  <datafield tag="670" ind1=" " ind2=" ">
    <subfield code="a">Virginia Tech Magazine, Volume 14, Number 3, Spring 1992, viewed online Feb. 4, 2010:</subfield>
    <subfield code="b">(The Huckleberry Line, which began in 1902 under the name of the Virginia Anthracite Coal and Rail Company to transport coal from the Merrimac Mine in Montgomery County, Va. to the Christiansburg railroad station at Cambria. In 1904 the rail line was extended from the mine to Blacksburg, and a contract was made between the coal company and Virginia Tech).</subfield>
  </datafield>
</record>